@inproceedings(pubsub,
    title = {Exploiting virtual synchrony in distributed systems},
    author = {K. Birman and T Joseph},
    booktitle = {Proceedings of the eleventh ACM Symposium on Operating systems principles},
    year = {1987}
)

@misc(nodejs,
    title = {Node.js},
    author = {Joyent, Inc},
    howpublished = {\url{http://nodejs.org/}}
)

@misc(npm,
    title = {npm},
    author = {NPM, inc},
    howpublished = {\url{https://www.npmjs.com/}}
)

@misc(gulp,
    title = {gulp.js - The streaming build system},
    author = {We Are Fractal},
    howpublished = {\url{http://gulpjs.com/}}
)

@misc(coffeescript,
    title = {CoffeeScript},
    author = {Jeremy Ashkenas},
    howpublished = {\url{http://coffeescript.org/}}
)

@misc(jquery,
    title = {jQuery},
    author = {The jQuery Foundation},
    howpublished = {http://jquery.com/}
)

@misc(underscore,
    title = {Underscore},
    author = {Jeremy Ashkenas},
    howpublished = {http://underscorejs.org/}
)

@misc(backbone,
    title = {Backbone.js},
    author = {Jeremy Ashkenas},
    howpublished = {\url{http://http://backbonejs.org/}}
)

@misc(browserify,
    title = {Browserify},
    author = {browserling},
    howpublished = {\url{http://browserify.org/}}
)

@misc(uglify,
    title = {UglifyJS},
    author = {Mihai Bazon},
    howpublished = {\url{http://lisperator.net/uglifyjs/}}
)
