@techreport{cts12,
    title = {Vehicle Probe Based Real-Time Traffic Monitoring on Urban Roadway Networks},
    author = {Yiheng Feng and John Hourdos and Gary Davis and Michael Collins},
    year = {2012},
    group = {ITS Institute},
    institution = {Minnesota Traffic Observatory Department of Civil Engineering University of Minnesota},
    month = {October}
}

@misc{ngsim,
    title = {Next Generation Simulation Program (NGSIM)},
    howpublished = {\url{http://ngsim-community.org/metadata.html}},
    author = {Cambridge Systematics, Inc.}
}
